@Manual{R,
  title =	 {R: {A} Language and Environment for Statistical
                  Computing},
  author =	 {{R Core Team}},
  organization = {R Foundation for Statistical Computing},
  address =	 {Vienna, Austria},
  year =	 2023,
  url =		 {https://www.R-project.org/},
}

@article{beheshti2019datasynapse,
  title =        {Datasynapse: {A} Social Data Curation Foundry},
  author =       {Beheshti, Amin and Benatallah, Boualem and Tabebordbar,
                  Alireza and Motahari-Nezhad, Hamid Reza and Barukh, Moshe Chai
                  and Nouri, Reza},
  journal =      {Distributed and Parallel Databases},
  volume =       37,
  pages =        {351--384},
  year =         2019,
  publisher =    {Springer}
}

@article{borgman2012conundrum,
  title =        {The Conundrum of Sharing Research Data},
  author =       {Borgman, Christine L},
  journal =      {Journal of the American Society for Information Science and
                  Technology},
  volume =       63,
  number =       6,
  pages =        {1059--1078},
  year =         2012,
  publisher =    {Wiley Online Library}
}

@article{cantor2018facets,
  title =        {{FACETS}: {U}sing Open Data to Measure Community Social
                  Determinants of Health},
  author =       {Cantor, Michael N and Chandras, Rajan and Pulgarin, Claudia},
  journal =      {Journal of the American Medical Informatics Association},
  volume =       25,
  number =       4,
  pages =        {419--422},
  year =         2018,
  publisher =    {Oxford University Press}
}

@article{dalzell2023increasing,
  title =	 {Increasing Student Access to and Readiness for
                  Statistical Competitions},
  author =	 {Dalzell, Nicole M and Evans, Ciaran},
  journal =	 {Journal of Statistics and Data Science Education},
  volume =	 31,
  number =	 3,
  pages =	 {258--263},
  year =	 2023,
  publisher =	 {Taylor \& Francis}
}

@article{hardin2021computing,
  title =	 {Computing in the Statistics Curricula: {A} 10-Year
                  Retrospective},
  author =	 {Hardin, Johanna and Horton, Nicholas J and Nolan,
                  Deborah and Lang, Duncan Temple},
  journal =	 {Journal of Statistics and Data Science Education},
  volume =	 29,
  number =	 {sup1},
  pages =	 {S4--S6},
  year =	 2021,
  publisher =	 {Taylor \& Francis}
}

@article{hicks2018guide,
  title =	 {A Guide to Teaching Data Science},
  author =	 {Hicks, Stephanie C and Irizarry, Rafael A},
  journal =	 {The American Statistician},
  volume =	 72,
  number =	 4,
  pages =	 {382--391},
  year =	 2018,
  publisher =	 {Taylor \& Francis}
}

@article{janssen2012benefits,
  title =        {Benefits, Adoption Barriers and Myths of Open Data and Open
                  Government},
  author =       {Janssen, Marijn and Charalabidis, Yannis and Zuiderwijk,
                  Anneke},
  journal =      {Information Systems Management},
  volume =       29,
  number =       4,
  pages =        {258--268},
  year =         2012,
  publisher =    {Taylor \& Francis}
}

@article{lara2016hackathons,
  title =	 {Hackathons as community-based learning: {A} case
                  study},
  author =	 {Lara, Miguel and Lockwood, Kate},
  journal =	 {TechTrends},
  volume =	 60,
  number =	 5,
  pages =	 {486--495},
  year =	 2016,
  publisher =	 {Springer}
}

@article{nolan2010computing,
  title =	 {Computing in the Statistics Curricula},
  author =	 {Nolan, Deborah and Temple Lang, Duncan},
  journal =	 {The American Statistician},
  volume =	 64,
  number =	 2,
  pages =	 {97--107},
  year =	 2010,
  publisher =	 {Taylor \& Francis}
}

@article{noll2023insights,
  title =	 {Insights from DataFest point to new opportunities
                  for undergraduate statistics courses: {T}eam
                  collaborations, designing research questions, and
                  data ethics},
  author =	 {Noll, Jennifer and Tackett, Maria},
  journal =	 {Teaching Statistics},
  volume =	 45,
  pages =	 {S5--S21},
  year =	 2023,
  publisher =	 {Wiley Online Library}
}
@incollection{ridgway2023data,
  title =	 {Data Science, Statistics, and Civic Statistics:
                  {E}ducation for a Fast Changing World},
  author =	 {Ridgway, Jim and Campos, Pedro and Biehler, Rolf},
  booktitle =	 {Statistics for Empowerment and Social Engagement:
                  Teaching Civic Statistics to Develop Informed
                  Citizens},
  editor =	 {Jim Ridgway},
  pages =	 {563--580},
  year =	 2023,
  publisher =	 {Springer}
}